@Unpublished{jones08,
  author = 		 {Simon Peyton Jones},
  title = 		 {How to write a great research paper},
  note = 		 {Microsoft Research Cambridge},
  year = 	 2008}

@inproceedings{Mni10,
  author = {Mnih, Volodymyr and Hinton, Geoffrey E.},
  title = {Learning to Detect Roads in High-resolution Aerial Images},
  booktitle = {Proceedings of the 11th European Conference on Computer Vision: Part VI},
  series = {ECCV'10},
  year = {2010},
  isbn = {3-642-15566-9, 978-3-642-15566-6},
  location = {Heraklion, Crete, Greece},
  pages = {210--223},
  numpages = {14},
  acmid = {1888230},
  publisher = {Springer-Verlag},
  address = {Berlin, Heidelberg},
}

@article{Ron15,
  author    = {Olaf Ronneberger and
               Philipp Fischer and
               Thomas Brox},
  title     = {U-Net: Convolutional Networks for Biomedical Image Segmentation},
  journal   = {CoRR},
  volume    = {abs/1505.04597},
  year      = {2015},
  archivePrefix = {arXiv},
  eprint    = {1505.04597},
  timestamp = {Mon, 13 Aug 2018 16:46:52 +0200},
  biburl    = {https://dblp.org/rec/bib/journals/corr/RonnebergerFB15},
  bibsource = {dblp computer science bibliography, https://dblp.org}
}

@inproceedings{Imagenet,
  AUTHOR = {Deng, J. and Dong, W. and Socher, R. and Li, L.-J. and Li, K. and Fei-Fei, L.},
  TITLE = {{ImageNet: A Large-Scale Hierarchical Image Database}},
  BOOKTITLE = {CVPR09},
  YEAR = {2009},
  BIBSOURCE = "http://www.image-net.org/papers/imagenet_cvpr09.bib"
}

@article{Zis14,
  author = {Simonyan, Karen and Zisserman, Andrew},
  year = {2014},
  month = {09},
  pages = {},
  title = {Very Deep Convolutional Networks for Large-Scale Image Recognition},
  journal = {arXiv 1409.1556}
}

@article{He15,
  author    = {Kaiming He and
               Xiangyu Zhang and
               Shaoqing Ren and
               Jian Sun},
  title     = {Deep Residual Learning for Image Recognition},
  journal   = {CoRR},
  volume    = {abs/1512.03385},
  year      = {2015},
  archivePrefix = {arXiv},
  eprint    = {1512.03385},
  timestamp = {Wed, 17 Apr 2019 17:23:45 +0200},
  biburl    = {https://dblp.org/rec/bib/journals/corr/HeZRS15},
  bibsource = {dblp computer science bibliography, https://dblp.org}
}

@article{Lon14,
  author    = {Jonathan Long and
               Evan Shelhamer and
               Trevor Darrell},
  title     = {Fully Convolutional Networks for Semantic Segmentation},
  journal   = {CoRR},
  volume    = {abs/1411.4038},
  year      = {2014},
  archivePrefix = {arXiv},
  eprint    = {1411.4038},
  timestamp = {Mon, 13 Aug 2018 16:48:17 +0200},
  biburl    = {https://dblp.org/rec/bib/journals/corr/LongSD14},
  bibsource = {dblp computer science bibliography, https://dblp.org}
}


